<collection xmlns="http://www.loc.gov/MARC21/slim">
<record>
  <leader>00279na 0a22000971i 450 </leader>
  <controlfield tag="001">IT\ICCU\CNCE\060175</controlfield>
  <controlfield tag="005">20050202000000.0</controlfield>
  <datafield tag="100" ind1=" " ind2=" ">
    <subfield code="a">20050202             0itac0103    ba</subfield>
  </datafield>
  <datafield tag="101" ind1=" " ind2=" ">
    <subfield code="a">LAT</subfield>
  </datafield>
  <datafield tag="200" ind1="1" ind2=" ">
    <subfield code="a">Clementis papae V. Constitutiones  suae integritati vna cum glossis</subfield>
  </datafield>
  <datafield tag="801" ind1=" " ind2="3">
    <subfield code="a">IT</subfield>
    <subfield code="b">ICCU</subfield>
    <subfield code="c">20201115</subfield>
  </datafield>
</record>
</collection>
